<collection xmlns="http://www.loc.gov/MARC21/slim">
<record>
  <leader>01000cam a2200265 i 4500</leader>
  <controlfield tag="001">1187779</controlfield>
  <controlfield tag="003">DE-101</controlfield>
  <controlfield tag="005">20150703223421.0</controlfield>
  <controlfield tag="007">tu ||||||||||||||||||||</controlfield>
  <controlfield tag="008">141028s2015||||gw |||||</controlfield>
  <datafield tag="015" ind1=" " ind2=" ">
    <subfield code="a">15,A28</subfield>
    <subfield code="z">14,N45</subfield>
    <subfield code="2">dnb</subfield>
  </datafield>
  <datafield tag="016" ind1="7" ind2=" ">
    <subfield code="2">DE-101</subfield>
    <subfield code="a">1060073080</subfield>
  </datafield>
  <datafield tag="020" ind1=" " ind2=" ">
    <subfield code="a">9783596195510</subfield>
    <subfield code="c">kart. : EUR 9.99 (DE), EUR 10.30 (AT), sfr 14.90 (freier Pr.)</subfield>
    <subfield code="9">978-3-596-19551-0</subfield>
  </datafield>
  <datafield tag="020" ind1=" " ind2=" ">
    <subfield code="a">3596195519</subfield>
    <subfield code="9">3-596-19551-9</subfield>
  </datafield>
  <datafield tag="024" ind1="3" ind2=" ">
    <subfield code="a">9783596195510</subfield>
  </datafield>
  <datafield tag="035" ind1=" " ind2=" ">
    <subfield code="a">(DE-599)DNB1060073080</subfield>
  </datafield>
  <datafield tag="035" ind1=" " ind2=" ">
    <subfield code="a">(OCoLC)894693064</subfield>
  </datafield>
  <datafield tag="040" ind1=" " ind2=" ">
    <subfield code="a">1245</subfield>
    <subfield code="b">ger</subfield>
    <subfield code="c">DE-101</subfield>
    <subfield code="d">9999</subfield>
    <subfield code="e">rakwb</subfield>
  </datafield>
  <datafield tag="041" ind1=" " ind2=" ">
    <subfield code="a">ger</subfield>
    <subfield code="h">eng</subfield>
  </datafield>
  <datafield tag="044" ind1=" " ind2=" ">
    <subfield code="c">XA-DE-HE</subfield>
  </datafield>
  <datafield tag="082" ind1="7" ind2="4">
    <subfield code="a">820</subfield>
    <subfield code="a">B</subfield>
    <subfield code="q">DE-101</subfield>
    <subfield code="2">23sdnb</subfield>
  </datafield>
  <datafield tag="084" ind1=" " ind2=" ">
    <subfield code="a">820</subfield>
    <subfield code="a">B</subfield>
    <subfield code="q">DE-101</subfield>
    <subfield code="2">sdnb</subfield>
  </datafield>
  <datafield tag="087" ind1=" " ind2=" ">
    <subfield code="a">U </subfield>
  </datafield>
  <datafield tag="090" ind1=" " ind2=" ">
    <subfield code="a">b</subfield>
  </datafield>
  <datafield tag="100" ind1="1" ind2=" ">
    <subfield code="0">(DE-588)136073026</subfield>
    <subfield code="0">(DE-101)136073026</subfield>
    <subfield code="a">Toon, Paige</subfield>
    <subfield code="d">1975-</subfield>
    <subfield code="4">aut</subfield>
  </datafield>
  <datafield tag="245" ind1="1" ind2="0">
    <subfield code="a">Diesmal für immer</subfield>
    <subfield code="b">Roman</subfield>
    <subfield code="c">Paige Toon. Aus dem Engl. von Andrea Fischer</subfield>
  </datafield>
  <datafield tag="260" ind1="3" ind2=" ">
    <subfield code="a">Frankfurt, M.</subfield>
    <subfield code="b">Fischer Taschenbuch</subfield>
    <subfield code="c">2015</subfield>
  </datafield>
  <datafield tag="300" ind1=" " ind2=" ">
    <subfield code="a">428 S.</subfield>
    <subfield code="c">19 cm</subfield>
  </datafield>
  <datafield tag="490" ind1="1" ind2=" ">
    <subfield code="a">Fischer</subfield>
    <subfield code="v">19551</subfield>
  </datafield>
  <datafield tag="655" ind1=" " ind2="7">
    <subfield code="0">(DE-101)1010008188</subfield>
    <subfield code="a">Erzählende Literatur: Gegenwartsliteratur ab 1945</subfield>
    <subfield code="2">gatbeg</subfield>
  </datafield>
  <datafield tag="700" ind1="1" ind2=" ">
    <subfield code="0">(DE-588)136647626</subfield>
    <subfield code="0">(DE-101)136647626</subfield>
    <subfield code="a">Fischer, Andrea</subfield>
    <subfield code="d">1969-</subfield>
    <subfield code="4">trl</subfield>
    <subfield code="e">Übers.</subfield>
  </datafield>
  <datafield tag="730" ind1="0" ind2=" ">
    <subfield code="a">Baby be mine</subfield>
    <subfield code="g">dt.</subfield>
  </datafield>
  <datafield tag="852" ind1=" " ind2=" ">
    <subfield code="c">U *Taschenbuch-Unterhaltung*</subfield>
  </datafield>
  <datafield tag="856" ind1="4" ind2="2">
    <subfield code="m">X:MVB</subfield>
    <subfield code="q">text/html</subfield>
    <subfield code="u">http://deposit.d-nb.de/cgi-bin/dokserv?id=4810569&amp;prov=M&amp;dok_var=1&amp;dok_ext=htm</subfield>
    <subfield code="3">Inhaltstext</subfield>
  </datafield>
  <datafield tag="997" ind1=" " ind2=" ">
    <subfield code="a">1060073080</subfield>
  </datafield>
</record>