
<record>
  <leader>01000cam a2200265 i 4500</leader>
  <controlfield tag="001">1187781</controlfield>
  <controlfield tag="003">DE-380</controlfield>
  <controlfield tag="005">20140719214339.0</controlfield>
  <controlfield tag="007">tu ||||||||||||||||||||</controlfield>
  <controlfield tag="008">111220|2012||||gw |||||</controlfield>
  <datafield tag="015" ind1=" " ind2=" ">
    <subfield code="a">12,A28</subfield>
    <subfield code="z">11,N48</subfield>
    <subfield code="2">dnb</subfield>
  </datafield>
  <datafield tag="016" ind1="7" ind2=" ">
    <subfield code="a">1017386110</subfield>
    <subfield code="2">DE-101</subfield>
  </datafield>
  <datafield tag="020" ind1=" " ind2=" ">
    <subfield code="a">9783596188864</subfield>
    <subfield code="c">kart. : EUR 8.99 (DE), EUR 9.30 (AT), sfr 13.50 (freier Pr.)</subfield>
    <subfield code="9">978-3-596-18886-4</subfield>
  </datafield>
  <datafield tag="020" ind1=" " ind2=" ">
    <subfield code="a">3596188865</subfield>
    <subfield code="9">3-596-18886-5</subfield>
  </datafield>
  <datafield tag="035" ind1=" " ind2=" ">
    <subfield code="a">T020549512</subfield>
  </datafield>
  <datafield tag="040" ind1=" " ind2=" ">
    <subfield code="a">DE-380</subfield>
  </datafield>
  <datafield tag="041" ind1=" " ind2=" ">
    <subfield code="a">ger</subfield>
  </datafield>
  <datafield tag="044" ind1=" " ind2=" ">
    <subfield code="a">gw</subfield>
    <subfield code="c">DE</subfield>
  </datafield>
  <datafield tag="087" ind1=" " ind2=" ">
    <subfield code="a">U </subfield>
  </datafield>
  <datafield tag="090" ind1=" " ind2=" ">
    <subfield code="a">b</subfield>
    <subfield code="g">_</subfield>
    <subfield code="h">h</subfield>
  </datafield>
  <datafield tag="099" ind1="1" ind2=" ">
    <subfield code="a">20120710</subfield>
  </datafield>
  <datafield tag="100" ind1="1" ind2=" ">
    <subfield code="a">Toon, Paige</subfield>
  </datafield>
  <datafield tag="245" ind1="0" ind2="0">
    <subfield code="a">Einmal rund ums Glück</subfield>
    <subfield code="b">Roman</subfield>
    <subfield code="c">Paige Toon. Aus dem Engl. von Andrea Fischer</subfield>
  </datafield>
  <datafield tag="260" ind1=" " ind2=" ">
    <subfield code="a">Frankfurt, M.</subfield>
    <subfield code="b">Fischer-Taschenbuch-Verl.</subfield>
    <subfield code="c">2012</subfield>
  </datafield>
  <datafield tag="300" ind1=" " ind2=" ">
    <subfield code="a">460 S.</subfield>
    <subfield code="c">19 cm</subfield>
  </datafield>
  <datafield tag="490" ind1="1" ind2=" ">
    <subfield code="a">Fischer</subfield>
    <subfield code="v">18886</subfield>
  </datafield>
  <datafield tag="700" ind1="1" ind2=" ">
    <subfield code="a">Fischer, Andrea &lt;[Übers.]&gt;</subfield>
  </datafield>
  <datafield tag="730" ind1="0" ind2=" ">
    <subfield code="a">Chasing daisy</subfield>
    <subfield code="g">dt.</subfield>
  </datafield>
  <datafield tag="830" ind1=" " ind2="0">
    <subfield code="a">Fischer</subfield>
    <subfield code="v">18886</subfield>
    <subfield code="w">26776-4</subfield>
  </datafield>
  <datafield tag="852" ind1=" " ind2=" ">
    <subfield code="c">U *Taschenbuch-Unterhaltung*</subfield>
  </datafield>
  <datafield tag="856" ind1="4" ind2=" ">
    <subfield code="m">X:MVB</subfield>
    <subfield code="q">text/html</subfield>
    <subfield code="u">http://deposit.d-nb.de/cgi-bin/dokserv?id=3920970&amp;prov=M&amp;dok_var=1&amp;dok_ext=htm</subfield>
    <subfield code="3">Inhaltstext</subfield>
  </datafield>
  <datafield tag="997" ind1=" " ind2=" ">
    <subfield code="a">1017386110</subfield>
  </datafield>
</record>