
<record>
  <leader>01000cam a2200265 i 4500</leader>
  <controlfield tag="001">1143812</controlfield>
  <controlfield tag="003">DE-101</controlfield>
  <controlfield tag="005">20140924223229.0</controlfield>
  <controlfield tag="007">tu ||||||||||||||||||||</controlfield>
  <controlfield tag="008">140924s2014||||gw |||||</controlfield>
  <datafield tag="015" ind1=" " ind2=" ">
    <subfield code="a">14,N40</subfield>
    <subfield code="2">dnb</subfield>
  </datafield>
  <datafield tag="016" ind1="7" ind2=" ">
    <subfield code="2">DE-101</subfield>
    <subfield code="a">1058650726</subfield>
  </datafield>
  <datafield tag="020" ind1=" " ind2=" ">
    <subfield code="a">9783896736802</subfield>
    <subfield code="c">Pb. : EUR 20.00 (DE), EUR 20.60 (AT), sfr 28.90 (freier Pr.)</subfield>
    <subfield code="9">978-3-89673-680-2</subfield>
  </datafield>
  <datafield tag="024" ind1="3" ind2=" ">
    <subfield code="a">9783896736802</subfield>
  </datafield>
  <datafield tag="035" ind1=" " ind2=" ">
    <subfield code="a">(DE-599)DNB1058650726</subfield>
  </datafield>
  <datafield tag="040" ind1=" " ind2=" ">
    <subfield code="a">1245</subfield>
    <subfield code="b">ger</subfield>
    <subfield code="c">DE-101</subfield>
    <subfield code="d">9999</subfield>
  </datafield>
  <datafield tag="041" ind1=" " ind2=" ">
    <subfield code="a">ger</subfield>
  </datafield>
  <datafield tag="044" ind1=" " ind2=" ">
    <subfield code="c">XA-DE-BW</subfield>
  </datafield>
  <datafield tag="082" ind1="7" ind2="4">
    <subfield code="a">340</subfield>
    <subfield code="q">DE-101</subfield>
    <subfield code="2">23sdnb</subfield>
  </datafield>
  <datafield tag="084" ind1=" " ind2=" ">
    <subfield code="a">340</subfield>
    <subfield code="q">DE-101</subfield>
    <subfield code="2">sdnb</subfield>
  </datafield>
  <datafield tag="087" ind1=" " ind2=" ">
    <subfield code="a">Ehp 9</subfield>
  </datafield>
  <datafield tag="245" ind1="1" ind2="0">
    <subfield code="a">Berufsziel Steuerberater/Wirtschaftsprüfer</subfield>
    <subfield code="b">Berufsexamina - Tätigkeitsbereiche - Perspektiven</subfield>
  </datafield>
  <datafield tag="250" ind1=" " ind2=" ">
    <subfield code="a">14., überarb. Aufl., rev. Ausg.</subfield>
  </datafield>
  <datafield tag="259" ind1=" " ind2=" ">
    <subfield code="a">214</subfield>
  </datafield>
  <datafield tag="260" ind1="3" ind2=" ">
    <subfield code="a">Sternenfels</subfield>
    <subfield code="b">Wissenschaft &amp; Praxis</subfield>
    <subfield code="c">2014</subfield>
  </datafield>
  <datafield tag="263" ind1=" " ind2=" ">
    <subfield code="a">201410</subfield>
  </datafield>
  <datafield tag="300" ind1=" " ind2=" ">
    <subfield code="a">320 S.</subfield>
    <subfield code="b">mit zahlr. Abb.</subfield>
    <subfield code="c">210 mm x 150 mm</subfield>
  </datafield>
  <datafield tag="700" ind1="1" ind2=" ">
    <subfield code="a">Lauterbach, Andrea</subfield>
    <subfield code="4">edt</subfield>
    <subfield code="e">Hrsg.</subfield>
  </datafield>
  <datafield tag="700" ind1="1" ind2=" ">
    <subfield code="a">Brauner, Detlef Jürgen</subfield>
    <subfield code="4">edt</subfield>
    <subfield code="e">Hrsg.</subfield>
  </datafield>
  <datafield tag="852" ind1=" " ind2=" ">
    <subfield code="c">Ehp 9 Berufsziel Steuerberater/Wirtschaftsprüfer</subfield>
  </datafield>
  <datafield tag="856" ind1="4" ind2="2">
    <subfield code="m">X:MVB</subfield>
    <subfield code="q">text/html</subfield>
    <subfield code="u">http://deposit.d-nb.de/cgi-bin/dokserv?id=4782524&amp;prov=M&amp;dok_var=1&amp;dok_ext=htm</subfield>
    <subfield code="3">Inhaltstext</subfield>
  </datafield>
  <datafield tag="992" ind1=" " ind2=" ">
    <subfield code="2">Ehp</subfield>
    <subfield code="3">9</subfield>
    <subfield code="5">Berufsziel Steue</subfield>
  </datafield>
  <datafield tag="997" ind1=" " ind2=" ">
    <subfield code="a">1058650726</subfield>
  </datafield>
</record>