
<record>
  <leader>01000cam a2200265 i 4500</leader>
  <controlfield tag="001">1143814</controlfield>
  <controlfield tag="003">DE-101</controlfield>
  <controlfield tag="005">20160106223042.0</controlfield>
  <controlfield tag="007">tu</controlfield>
  <controlfield tag="008">150520s2015    gw ||||| |||| 00||||ger  </controlfield>
  <datafield tag="015" ind1=" " ind2=" ">
    <subfield code="a">16,A02</subfield>
    <subfield code="z">15,N22</subfield>
    <subfield code="2">dnb</subfield>
  </datafield>
  <datafield tag="016" ind1="7" ind2=" ">
    <subfield code="2">DE-101</subfield>
    <subfield code="a">1071329715</subfield>
  </datafield>
  <datafield tag="020" ind1=" " ind2=" ">
    <subfield code="a">9783658089092</subfield>
    <subfield code="c">Broschur : EUR 9.99 (DE), EUR 10.27 (AT), sfr 11.00 (freier Pr.)</subfield>
    <subfield code="9">978-3-658-08909-2</subfield>
  </datafield>
  <datafield tag="020" ind1=" " ind2=" ">
    <subfield code="a">3658089091</subfield>
    <subfield code="9">3-658-08909-1</subfield>
  </datafield>
  <datafield tag="024" ind1="3" ind2=" ">
    <subfield code="a">9783658089092</subfield>
  </datafield>
  <datafield tag="028" ind1="5" ind2="2">
    <subfield code="a">Best.-Nr.: 978-3-658-08909-2</subfield>
  </datafield>
  <datafield tag="035" ind1=" " ind2=" ">
    <subfield code="a">(DE-599)DNB1071329715</subfield>
  </datafield>
  <datafield tag="035" ind1=" " ind2=" ">
    <subfield code="a">(OCoLC)910330110</subfield>
  </datafield>
  <datafield tag="040" ind1=" " ind2=" ">
    <subfield code="a">1245</subfield>
    <subfield code="b">ger</subfield>
    <subfield code="c">DE-101</subfield>
    <subfield code="d">9999</subfield>
    <subfield code="e">rda</subfield>
  </datafield>
  <datafield tag="041" ind1=" " ind2=" ">
    <subfield code="a">ger</subfield>
  </datafield>
  <datafield tag="044" ind1=" " ind2=" ">
    <subfield code="c">XA-DE-HE</subfield>
  </datafield>
  <datafield tag="082" ind1="7" ind2="4">
    <subfield code="a">370</subfield>
    <subfield code="q">DE-101</subfield>
    <subfield code="2">23sdnb</subfield>
  </datafield>
  <datafield tag="084" ind1=" " ind2=" ">
    <subfield code="a">370</subfield>
    <subfield code="q">DE-101</subfield>
    <subfield code="2">sdnb</subfield>
  </datafield>
  <datafield tag="087" ind1=" " ind2=" ">
    <subfield code="a">Ehr 3 / USA</subfield>
  </datafield>
  <datafield tag="090" ind1=" " ind2=" ">
    <subfield code="a">b</subfield>
  </datafield>
  <datafield tag="100" ind1="1" ind2=" ">
    <subfield code="0">(DE-588)1073637123</subfield>
    <subfield code="0">(uri)http://d-nb.info/gnd/1073637123</subfield>
    <subfield code="0">(DE-101)1073637123</subfield>
    <subfield code="a">Seyfang, Alexandra V.</subfield>
    <subfield code="e">Verfasser</subfield>
    <subfield code="4">aut</subfield>
  </datafield>
  <datafield tag="245" ind1="1" ind2="0">
    <subfield code="a">&lt;Das&gt; Bachelorstudium in den USA</subfield>
    <subfield code="b">step by step zur erfolgreichen Bewerbung</subfield>
    <subfield code="c">Alexandra V. Seyfang</subfield>
  </datafield>
  <datafield tag="264" ind1=" " ind2="1">
    <subfield code="a">Wiesbaden</subfield>
    <subfield code="b">Springer Gabler</subfield>
    <subfield code="c">[2015]</subfield>
  </datafield>
  <datafield tag="300" ind1=" " ind2=" ">
    <subfield code="a">X, 43 Seiten</subfield>
    <subfield code="c">21 cm</subfield>
  </datafield>
  <datafield tag="336" ind1=" " ind2=" ">
    <subfield code="a">Text</subfield>
    <subfield code="b">txt</subfield>
    <subfield code="2">rdacontent</subfield>
  </datafield>
  <datafield tag="337" ind1=" " ind2=" ">
    <subfield code="a">ohne Hilfsmittel zu benutzen</subfield>
    <subfield code="b">n</subfield>
    <subfield code="2">rdamedia</subfield>
  </datafield>
  <datafield tag="338" ind1=" " ind2=" ">
    <subfield code="a">Band</subfield>
    <subfield code="b">nc</subfield>
    <subfield code="2">rdacarrier</subfield>
  </datafield>
  <datafield tag="490" ind1="0" ind2=" ">
    <subfield code="a">Essentials</subfield>
  </datafield>
  <datafield tag="653" ind1=" " ind2=" ">
    <subfield code="a">(Produktform)Paperback / softback</subfield>
  </datafield>
  <datafield tag="653" ind1=" " ind2=" ">
    <subfield code="a">(Zielgruppe)Fachpublikum/ Wissenschaft</subfield>
  </datafield>
  <datafield tag="653" ind1=" " ind2=" ">
    <subfield code="a">(Zielgruppe)Lower undergraduate</subfield>
  </datafield>
  <datafield tag="653" ind1=" " ind2=" ">
    <subfield code="a">(BIC Subject Heading)JNM</subfield>
  </datafield>
  <datafield tag="653" ind1=" " ind2=" ">
    <subfield code="a">Studienplatz USA</subfield>
  </datafield>
  <datafield tag="653" ind1=" " ind2=" ">
    <subfield code="a">US-Bachelorsystem</subfield>
  </datafield>
  <datafield tag="653" ind1=" " ind2=" ">
    <subfield code="a">Bewerbung Studium USA</subfield>
  </datafield>
  <datafield tag="653" ind1=" " ind2=" ">
    <subfield code="a">Hochschule USA</subfield>
  </datafield>
  <datafield tag="653" ind1=" " ind2=" ">
    <subfield code="a">Bachelor USA</subfield>
  </datafield>
  <datafield tag="653" ind1=" " ind2=" ">
    <subfield code="a">Zulassung College</subfield>
  </datafield>
  <datafield tag="653" ind1=" " ind2=" ">
    <subfield code="a">TOEFL-Test</subfield>
  </datafield>
  <datafield tag="653" ind1=" " ind2=" ">
    <subfield code="a">Common App</subfield>
  </datafield>
  <datafield tag="653" ind1=" " ind2=" ">
    <subfield code="a">(VLB-WN)1781: Hardcover, Softcover / Wirtschaft/Allgemeines, Lexika</subfield>
  </datafield>
  <datafield tag="655" ind1=" " ind2="7">
    <subfield code="0">(DE-588)4048476-2</subfield>
    <subfield code="0">(uri)http://d-nb.info/gnd/4048476-2</subfield>
    <subfield code="0">(DE-101)040484769</subfield>
    <subfield code="a">Ratgeber</subfield>
    <subfield code="2">gnd-content</subfield>
  </datafield>
  <datafield tag="710" ind1="2" ind2=" ">
    <subfield code="0">(DE-588)1043386068</subfield>
    <subfield code="0">(uri)http://d-nb.info/gnd/1043386068</subfield>
    <subfield code="0">(DE-101)1043386068</subfield>
    <subfield code="a">Springer Fachmedien Wiesbaden GmbH</subfield>
    <subfield code="4">pbl</subfield>
  </datafield>
  <datafield tag="776" ind1="0" ind2="8">
    <subfield code="i">Erscheint auch als</subfield>
    <subfield code="n">Online-Ausgabe</subfield>
    <subfield code="z">9783658089108</subfield>
  </datafield>
  <datafield tag="776" ind1="0" ind2="8">
    <subfield code="i">Erscheint auch als</subfield>
    <subfield code="n">Online-Ausgabe</subfield>
    <subfield code="a">Seyfang, Alexandra V.</subfield>
    <subfield code="t">&lt;Das&gt; Bachelorstudium in den USA</subfield>
    <subfield code="d">Wiesbaden : Springer Fachmedien Wiesbaden, 2015</subfield>
    <subfield code="h">Online-Ressource</subfield>
    <subfield code="w">(DE-101)1073584984</subfield>
  </datafield>
  <datafield tag="852" ind1=" " ind2=" ">
    <subfield code="c">Ehr 3 USA / Seyfang</subfield>
  </datafield>
  <datafield tag="856" ind1="4" ind2="2">
    <subfield code="m">B:DE-101</subfield>
    <subfield code="q">application/pdf</subfield>
    <subfield code="u">http://d-nb.info/1071329715/04</subfield>
    <subfield code="3">Inhaltsverzeichnis</subfield>
  </datafield>
  <datafield tag="856" ind1="4" ind2="2">
    <subfield code="m">X:MVB</subfield>
    <subfield code="q">text/html</subfield>
    <subfield code="u">http://deposit.d-nb.de/cgi-bin/dokserv?id=5266700&amp;prov=M&amp;dok_var=1&amp;dok_ext=htm</subfield>
    <subfield code="3">Inhaltstext</subfield>
  </datafield>
  <datafield tag="992" ind1=" " ind2=" ">
    <subfield code="2">Ehr</subfield>
    <subfield code="3">3</subfield>
    <subfield code="4">USA</subfield>
    <subfield code="5">Seyfang</subfield>
  </datafield>
  <datafield tag="997" ind1=" " ind2=" ">
    <subfield code="a">1071329715</subfield>
  </datafield>
</record>