
<record>
  <leader>01000cam a2200265 i 4500</leader>
  <controlfield tag="001">1049010</controlfield>
  <controlfield tag="003">DE-380</controlfield>
  <controlfield tag="005">20140719233713.0</controlfield>
  <controlfield tag="007">tu</controlfield>
  <controlfield tag="008">130311|2013||||gw |||||r|||||||||||ger||</controlfield>
  <datafield tag="015" ind1=" " ind2=" ">
    <subfield code="a">13,A38</subfield>
    <subfield code="z">13,N01</subfield>
    <subfield code="2">dnb</subfield>
  </datafield>
  <datafield tag="016" ind1="7" ind2=" ">
    <subfield code="a">1028829108</subfield>
    <subfield code="2">DE-101</subfield>
  </datafield>
  <datafield tag="020" ind1=" " ind2=" ">
    <subfield code="a">9783446435100</subfield>
    <subfield code="c">Pp. : EUR 29.99 (DE), EUR 30.90 (AT), sfr 40.90 (freier Pr.)</subfield>
    <subfield code="9">978-3-446-43510-0</subfield>
  </datafield>
  <datafield tag="020" ind1=" " ind2=" ">
    <subfield code="a">3446435107</subfield>
    <subfield code="9">3-446-43510-7</subfield>
  </datafield>
  <datafield tag="028" ind1="5" ind2="2">
    <subfield code="a">Best.-Nr.: 553/43510</subfield>
  </datafield>
  <datafield tag="035" ind1=" " ind2=" ">
    <subfield code="a">T010490105</subfield>
  </datafield>
  <datafield tag="040" ind1=" " ind2=" ">
    <subfield code="a">DE-380</subfield>
  </datafield>
  <datafield tag="041" ind1=" " ind2=" ">
    <subfield code="a">ger</subfield>
  </datafield>
  <datafield tag="044" ind1=" " ind2=" ">
    <subfield code="a">gw</subfield>
    <subfield code="c">DE</subfield>
    <subfield code="a">bw</subfield>
    <subfield code="c">BY</subfield>
  </datafield>
  <datafield tag="087" ind1=" " ind2=" ">
    <subfield code="a">Ihl 33</subfield>
  </datafield>
  <datafield tag="090" ind1=" " ind2=" ">
    <subfield code="a">b</subfield>
    <subfield code="g">_</subfield>
    <subfield code="h">h</subfield>
  </datafield>
  <datafield tag="099" ind1="1" ind2=" ">
    <subfield code="a">20130917</subfield>
  </datafield>
  <datafield tag="100" ind1="1" ind2=" ">
    <subfield code="a">Steyer, Ralph</subfield>
  </datafield>
  <datafield tag="245" ind1="0" ind2="0">
    <subfield code="a">Apps mit PhoneGap entwickeln</subfield>
    <subfield code="b">universelle Web-Apps plattformneutral programmieren</subfield>
    <subfield code="c">Ralph Steyer</subfield>
  </datafield>
  <datafield tag="260" ind1=" " ind2=" ">
    <subfield code="a">München</subfield>
    <subfield code="b">Hanser</subfield>
    <subfield code="c">2013</subfield>
  </datafield>
  <datafield tag="300" ind1=" " ind2=" ">
    <subfield code="a">XIII, 319 S.</subfield>
    <subfield code="b">Ill.</subfield>
    <subfield code="c">25 cm</subfield>
  </datafield>
  <datafield tag="500" ind1=" " ind2=" ">
    <subfield code="a">Zusätzliches Online-Angebot unter www.hanser-fachbuch.de/ebookinside</subfield>
  </datafield>
  <datafield tag="650" ind1=" " ind2="4">
    <subfield code="a">Apache Cordova</subfield>
  </datafield>
  <datafield tag="852" ind1=" " ind2=" ">
    <subfield code="c">Ihl 3.3 Steyer</subfield>
  </datafield>
  <datafield tag="856" ind1="4" ind2=" ">
    <subfield code="m">B:DE-101</subfield>
    <subfield code="q">application/pdf</subfield>
    <subfield code="u">http://d-nb.info/1028829108/04</subfield>
    <subfield code="3">Inhaltsverzeichnis</subfield>
  </datafield>
  <datafield tag="856" ind1="4" ind2=" ">
    <subfield code="m">X:MVB</subfield>
    <subfield code="q">text/html</subfield>
    <subfield code="u">http://deposit.d-nb.de/cgi-bin/dokserv?id=4209526&amp;prov=M&amp;dok_var=1&amp;dok_ext=htm</subfield>
    <subfield code="3">Inhaltstext</subfield>
  </datafield>
  <datafield tag="997" ind1=" " ind2=" ">
    <subfield code="a">1028829108</subfield>
  </datafield>
  <datafield tag="969" ind1=" " ind2=" ">
    <subfield code="a">Steyer, Ralf</subfield>
  </datafield>
</record>