
<record>
  <leader>01000cam a2200265 i 4500</leader>
  <controlfield tag="001">1049012</controlfield>
  <controlfield tag="003">DE-380</controlfield>
  <controlfield tag="005">20140719233713.0</controlfield>
  <controlfield tag="007">tu</controlfield>
  <controlfield tag="008">130311|2013||||gw |||||r|||||||||||ger||</controlfield>
  <datafield tag="015" ind1=" " ind2=" ">
    <subfield code="a">13,A12</subfield>
    <subfield code="z">12,N50</subfield>
    <subfield code="2">dnb</subfield>
  </datafield>
  <datafield tag="016" ind1="7" ind2=" ">
    <subfield code="a">1028409192</subfield>
    <subfield code="2">DE-101</subfield>
  </datafield>
  <datafield tag="020" ind1=" " ind2=" ">
    <subfield code="a">9783826694776</subfield>
    <subfield code="c">kart. : EUR 19.95 (DE), EUR 20.60 (AT), sfr 28.50 (freier Pr.)</subfield>
    <subfield code="9">978-3-8266-9477-6</subfield>
  </datafield>
  <datafield tag="020" ind1=" " ind2=" ">
    <subfield code="a">3826694775</subfield>
    <subfield code="9">3-8266-9477-5</subfield>
  </datafield>
  <datafield tag="028" ind1="5" ind2="2">
    <subfield code="a">Best.-Nr.: 82669477</subfield>
  </datafield>
  <datafield tag="035" ind1=" " ind2=" ">
    <subfield code="a">T010490129</subfield>
  </datafield>
  <datafield tag="040" ind1=" " ind2=" ">
    <subfield code="a">DE-380</subfield>
  </datafield>
  <datafield tag="041" ind1=" " ind2=" ">
    <subfield code="a">ger</subfield>
  </datafield>
  <datafield tag="044" ind1=" " ind2=" ">
    <subfield code="a">gw</subfield>
    <subfield code="c">DE</subfield>
    <subfield code="a">bs</subfield>
    <subfield code="c">BW</subfield>
  </datafield>
  <datafield tag="087" ind1=" " ind2=" ">
    <subfield code="a">Ihl 33</subfield>
  </datafield>
  <datafield tag="090" ind1=" " ind2=" ">
    <subfield code="a">b</subfield>
    <subfield code="g">_</subfield>
    <subfield code="h">h</subfield>
  </datafield>
  <datafield tag="099" ind1="1" ind2=" ">
    <subfield code="a">20130319</subfield>
  </datafield>
  <datafield tag="100" ind1="1" ind2=" ">
    <subfield code="a">Troche, Christoph</subfield>
  </datafield>
  <datafield tag="245" ind1="0" ind2="0">
    <subfield code="a">&lt;Die&gt; Welt der Android-Apps</subfield>
    <subfield code="b">die besten Apps inkl. Systemverwaltung und Rooting</subfield>
    <subfield code="c">Christoph Troche</subfield>
  </datafield>
  <datafield tag="250" ind1=" " ind2=" ">
    <subfield code="a">1. Aufl.</subfield>
  </datafield>
  <datafield tag="259" ind1=" " ind2=" ">
    <subfield code="a">11</subfield>
  </datafield>
  <datafield tag="260" ind1=" " ind2=" ">
    <subfield code="a">Heidelberg</subfield>
    <subfield code="a">München</subfield>
    <subfield code="a">Landsberg</subfield>
    <subfield code="a">Frechen</subfield>
    <subfield code="a">Hamburg</subfield>
    <subfield code="b">mitp</subfield>
    <subfield code="c">2013</subfield>
  </datafield>
  <datafield tag="300" ind1=" " ind2=" ">
    <subfield code="a">260 S.</subfield>
    <subfield code="c">21 cm</subfield>
  </datafield>
  <datafield tag="650" ind1=" " ind2="4">
    <subfield code="a">Android &lt;Systemplattform&gt;</subfield>
  </datafield>
  <datafield tag="650" ind1=" " ind2="4">
    <subfield code="a">App &lt;Programm&gt;</subfield>
  </datafield>
  <datafield tag="852" ind1=" " ind2=" ">
    <subfield code="c">Ihl 3.3 Troche</subfield>
  </datafield>
  <datafield tag="856" ind1="4" ind2=" ">
    <subfield code="m">B:DE-101</subfield>
    <subfield code="q">application/pdf</subfield>
    <subfield code="u">http://d-nb.info/1028409192/04</subfield>
    <subfield code="3">Inhaltsverzeichnis</subfield>
  </datafield>
  <datafield tag="997" ind1=" " ind2=" ">
    <subfield code="a">1028409192</subfield>
  </datafield>
</record>