
<record>
  <leader>01000cam a2200265 i 4500</leader>
  <controlfield tag="001">12937</controlfield>
  <controlfield tag="005">20140719233456.0</controlfield>
  <controlfield tag="007">z|</controlfield>
  <controlfield tag="008">900116||||||||||||||||||||||||||||||||||</controlfield>
  <datafield tag="035" ind1=" " ind2=" ">
    <subfield code="a">T000129376</subfield>
  </datafield>
  <datafield tag="040" ind1=" " ind2=" ">
    <subfield code="e">rak</subfield>
  </datafield>
  <datafield tag="087" ind1=" " ind2=" ">
    <subfield code="a">UC</subfield>
  </datafield>
  <datafield tag="090" ind1=" " ind2=" ">
    <subfield code="h">_ </subfield>
  </datafield>
  <datafield tag="100" ind1="1" ind2=" ">
    <subfield code="a">NESTROY, JOHANN </subfield>
  </datafield>
  <datafield tag="245" ind1="0" ind2="0">
    <subfield code="a">Komödien</subfield>
    <subfield code="c">Johann Nestroy</subfield>
  </datafield>
  <datafield tag="260" ind1=" " ind2=" ">
    <subfield code="a">FRANKFURT A. M.</subfield>
    <subfield code="b">INSEL-VERL.</subfield>
  </datafield>
  <datafield tag="997" ind1=" " ind2=" ">
    <subfield code="a">X06500297 ?</subfield>
  </datafield>
</record>