
<record>
  <leader>01000cam a2200265 i 4500</leader>
  <controlfield tag="001">12960</controlfield>
  <controlfield tag="005">20140719233456.0</controlfield>
  <controlfield tag="007">z|</controlfield>
  <controlfield tag="008">910910||||||||||||||||||||||||||||||||||</controlfield>
  <datafield tag="035" ind1=" " ind2=" ">
    <subfield code="a">T000129607</subfield>
  </datafield>
  <datafield tag="040" ind1=" " ind2=" ">
    <subfield code="e">rak</subfield>
  </datafield>
  <datafield tag="087" ind1=" " ind2=" ">
    <subfield code="a">EDQ 4</subfield>
  </datafield>
  <datafield tag="090" ind1=" " ind2=" ">
    <subfield code="h">_ </subfield>
  </datafield>
  <datafield tag="110" ind1="2" ind2=" ">
    <subfield code="a">WISSENSCHAFTSRAT</subfield>
  </datafield>
  <datafield tag="245" ind1="0" ind2="0">
    <subfield code="a">EMPFEHLUNGEN ZUM SECHSTEN RAHMENPLAN FUER DEN HOCHSCHULBAU</subfield>
    <subfield code="b">1977 - 1980</subfield>
    <subfield code="c">WISSENSCHAFTSRAT</subfield>
  </datafield>
  <datafield tag="260" ind1=" " ind2=" ">
    <subfield code="a">KOELN</subfield>
    <subfield code="b">GESCHAEFTSSTELLE D. WISSENSCHAFTSRATES</subfield>
  </datafield>
  <datafield tag="997" ind1=" " ind2=" ">
    <subfield code="a">X06500319 ?</subfield>
  </datafield>
</record>