
<record>
  <leader>01000cam a2200265 i 4500</leader>
  <controlfield tag="001">303787</controlfield>
  <controlfield tag="005">20140719233519.0</controlfield>
  <controlfield tag="007">tu</controlfield>
  <controlfield tag="008">860318|1893|||||||||||||||||||||||||||||</controlfield>
  <datafield tag="035" ind1=" " ind2=" ">
    <subfield code="a">T003037877</subfield>
  </datafield>
  <datafield tag="040" ind1=" " ind2=" ">
    <subfield code="e">rak</subfield>
  </datafield>
  <datafield tag="090" ind1=" " ind2=" ">
    <subfield code="h">_ </subfield>
  </datafield>
  <datafield tag="100" ind1="1" ind2=" ">
    <subfield code="a">JANSSEN, JOHANNES</subfield>
  </datafield>
  <datafield tag="245" ind1="0" ind2="0">
    <subfield code="a">VORBEREITUNG DES DREISSIGJAEHRIGEN KRIEGES</subfield>
    <subfield code="c">JANSSEN, JOHANNES</subfield>
    <subfield code="n">5</subfield>
  </datafield>
  <datafield tag="250" ind1=" " ind2=" ">
    <subfield code="a">13. U. 14., VERB. AUFL.</subfield>
  </datafield>
  <datafield tag="260" ind1=" " ind2=" ">
    <subfield code="c">1893</subfield>
  </datafield>
  <datafield tag="300" ind1=" " ind2=" ">
    <subfield code="a">754 S.</subfield>
  </datafield>
  <datafield tag="773" ind1="0" ind2="8">
    <subfield code="w">29130</subfield>
  </datafield>
  <datafield tag="852" ind1=" " ind2=" ">
    <subfield code="c">FMN 2 JANSSEN</subfield>
  </datafield>
  <datafield tag="990" ind1=" " ind2=" ">
    <subfield code="a">(*40*  65164817 / 5)</subfield>
  </datafield>
  <datafield tag="997" ind1=" " ind2=" ">
    <subfield code="a">X08280181 ?</subfield>
  </datafield>
  <datafield tag="998" ind1=" " ind2=" ">
    <subfield code="w">65164817</subfield>
  </datafield>
</record>