
<record>
  <leader>01000cam a2200265 i 4500</leader>
  <controlfield tag="001">1220842ALS01220842</controlfield>
  <controlfield tag="005">20140719233513.0</controlfield>
  <controlfield tag="007">tu ||||||||||||||||||||</controlfield>
  <controlfield tag="008">820914|1972||||||||||||</controlfield>
  <datafield tag="087" ind1=" " ind2=" ">
    <subfield code="a">ND / Mülheim</subfield>
  </datafield>
  <datafield tag="090" ind1=" " ind2=" ">
    <subfield code="h">_ </subfield>
  </datafield>
  <datafield tag="100" ind1="1" ind2=" ">
    <subfield code="a">Bendel, Johann</subfield>
  </datafield>
  <datafield tag="245" ind1="0" ind2="0">
    <subfield code="a">&lt;Die&gt; Stadt Mülheim am Rhein</subfield>
    <subfield code="b">Geschichte und Beschreibung, Sagen und Erzählungen</subfield>
    <subfield code="c">von Johann Bendel</subfield>
  </datafield>
  <datafield tag="264" ind1=" " ind2="1">
    <subfield code="a">Mülheim am Rhein</subfield>
    <subfield code="b">Selbstverlag des Verfassers</subfield>
    <subfield code="c">1913</subfield>
  </datafield>
  <datafield tag="300" ind1=" " ind2=" ">
    <subfield code="a">XXI, 499 Seiten</subfield>
    <subfield code="b">Illustrationen</subfield>
  </datafield>
  <datafield tag="546" ind1=" " ind2=" ">
    <subfield code="a">In Fraktur</subfield>
  </datafield>
  <datafield tag="852" ind1=" " ind2=" ">
    <subfield code="c">Nd Mülheim / Bendel</subfield>
  </datafield>
  <datafield tag="992" ind1=" " ind2=" ">
    <subfield code="2">Nd</subfield>
    <subfield code="4">Mülheim</subfield>
    <subfield code="5">Bendel</subfield>
  </datafield>
</record>