
<record>
  <leader>01000cam a2200265 i 4500</leader>
  <controlfield tag="001">1220845</controlfield>
  <controlfield tag="003">DE-101</controlfield>
  <controlfield tag="005">20161108103909.0</controlfield>
  <controlfield tag="007">tu ||||||||||||||||||||</controlfield>
  <controlfield tag="008">160920s2016||||gw |||||</controlfield>
  <datafield tag="016" ind1="7" ind2=" ">
    <subfield code="2">DE-101</subfield>
    <subfield code="a">1114183148</subfield>
  </datafield>
  <datafield tag="035" ind1=" " ind2=" ">
    <subfield code="a">(DE-599)DNB1114183148</subfield>
  </datafield>
  <datafield tag="035" ind1=" " ind2=" ">
    <subfield code="a">(OCoLC)959560471</subfield>
  </datafield>
  <datafield tag="040" ind1=" " ind2=" ">
    <subfield code="a">1240</subfield>
    <subfield code="b">ger</subfield>
    <subfield code="c">DE-101</subfield>
    <subfield code="d">1140</subfield>
    <subfield code="e">rda</subfield>
  </datafield>
  <datafield tag="041" ind1=" " ind2=" ">
    <subfield code="a">ger</subfield>
    <subfield code="h">eng</subfield>
  </datafield>
  <datafield tag="044" ind1=" " ind2=" ">
    <subfield code="c">XA-DE-BY</subfield>
  </datafield>
  <datafield tag="082" ind1="7" ind2="4">
    <subfield code="a">K</subfield>
    <subfield code="q">DE-101</subfield>
    <subfield code="2">23sdnb</subfield>
  </datafield>
  <datafield tag="084" ind1=" " ind2=" ">
    <subfield code="a">K</subfield>
    <subfield code="q">DE-101</subfield>
    <subfield code="2">sdnb</subfield>
  </datafield>
  <datafield tag="087" ind1=" " ind2=" ">
    <subfield code="a">Uj</subfield>
  </datafield>
  <datafield tag="100" ind1="1" ind2=" ">
    <subfield code="0">(DE-588)1112460276</subfield>
    <subfield code="0">http://d-nb.info/gnd/1112460276</subfield>
    <subfield code="0">(DE-101)1112460276</subfield>
    <subfield code="a">Shepherd, Megan</subfield>
    <subfield code="e">Verfasser</subfield>
    <subfield code="4">aut</subfield>
  </datafield>
  <datafield tag="245" ind1="0" ind2="0">
    <subfield code="a">&lt;The&gt; cage</subfield>
    <subfield code="c">Megan Shepherd ; aus dem Amerikanischen von Beate Brammertz</subfield>
  </datafield>
  <datafield tag="264" ind1=" " ind2="1">
    <subfield code="a">München</subfield>
    <subfield code="b">Wilhelm Heyne Verlag</subfield>
    <subfield code="c">2016-</subfield>
  </datafield>
  <datafield tag="300" ind1=" " ind2=" ">
    <subfield code="c">21 cm</subfield>
  </datafield>
  <datafield tag="336" ind1=" " ind2=" ">
    <subfield code="a">Text</subfield>
    <subfield code="b">txt</subfield>
    <subfield code="2">rdacontent</subfield>
  </datafield>
  <datafield tag="337" ind1=" " ind2=" ">
    <subfield code="a">ohne Hilfsmittel zu benutzen</subfield>
    <subfield code="b">n</subfield>
    <subfield code="2">rdamedia</subfield>
  </datafield>
  <datafield tag="338" ind1=" " ind2=" ">
    <subfield code="a">Band</subfield>
    <subfield code="b">nc</subfield>
    <subfield code="2">rdacarrier</subfield>
  </datafield>
  <datafield tag="385" ind1=" " ind2=" ">
    <subfield code="0">(DE-588)4028859-6</subfield>
    <subfield code="0">http://d-nb.info/gnd/4028859-6</subfield>
    <subfield code="0">(DE-101)040288595</subfield>
    <subfield code="a">Jugend</subfield>
    <subfield code="2">gnd</subfield>
  </datafield>
  <datafield tag="490" ind1="0" ind2=" ">
    <subfield code="a">Heyne fliegt</subfield>
  </datafield>
  <datafield tag="655" ind1=" " ind2="7">
    <subfield code="0">(DE-588)4306252-0</subfield>
    <subfield code="0">http://d-nb.info/gnd/4306252-0</subfield>
    <subfield code="0">(DE-101)043062520</subfield>
    <subfield code="a">Jugendbuch</subfield>
    <subfield code="2">gnd-content</subfield>
  </datafield>
  <datafield tag="655" ind1=" " ind2="7">
    <subfield code="0">(DE-101)101071841X</subfield>
    <subfield code="a">Jugendbücher ab 12 Jahre</subfield>
    <subfield code="2">gatbeg</subfield>
  </datafield>
  <datafield tag="700" ind1="1" ind2=" ">
    <subfield code="0">(DE-588)137321619</subfield>
    <subfield code="0">http://d-nb.info/gnd/137321619</subfield>
    <subfield code="0">(DE-101)137321619</subfield>
    <subfield code="a">Brammertz, Beate</subfield>
    <subfield code="e">Übersetzer</subfield>
    <subfield code="4">trl</subfield>
  </datafield>
  <datafield tag="710" ind1="2" ind2=" ">
    <subfield code="0">(DE-588)2026980-8</subfield>
    <subfield code="0">http://d-nb.info/gnd/2026980-8</subfield>
    <subfield code="0">(DE-101)004838394</subfield>
    <subfield code="a">Wilhelm-Heyne-Verlag</subfield>
    <subfield code="4">pbl</subfield>
  </datafield>
  <datafield tag="997" ind1=" " ind2=" ">
    <subfield code="a">1114183148</subfield>
  </datafield>
</record>
</collection>
